<collection xmlns="http://www.loc.gov/MARC21/slim">
<record>
  <leader>00270na 0a22000971i 450 </leader>
  <controlfield tag="001">IT\ICCU\CNCE\064797</controlfield>
  <controlfield tag="005">20060703000000.0</controlfield>
  <datafield tag="100" ind1=" " ind2=" ">
    <subfield code="a">20060620             0itac0103    ba</subfield>
  </datafield>
  <datafield tag="101" ind1=" " ind2=" ">
    <subfield code="a">ITA</subfield>
  </datafield>
  <datafield tag="200" ind1="1" ind2=" ">
    <subfield code="a">Dechiarationi sopra le mechanice d&apos;Aristotile volgarizzate</subfield>
  </datafield>
  <datafield tag="801" ind1=" " ind2="3">
    <subfield code="a">IT</subfield>
    <subfield code="b">ICCU</subfield>
    <subfield code="c">20201115</subfield>
  </datafield>
</record>
</collection>
